<collection xmlns='http://www.loc.gov/MARC21/slim' xmlns:xsi='http://www.w3.org/2001/XMLSchema-instance' xsi:schemaLocation='http://www.loc.gov/standards/marcxml/schema/MARC21slim.xsd'>
  <record xmlns="http://www.loc.gov/MARC21/slim">
    <leader>00000ctm a2200000Ii 4500</leader>
    <controlfield tag="001">on1085013809</controlfield>
    <controlfield tag="008">190208q15741577ir a          000 0 ara d</controlfield>
    <datafield tag="040" ind1=" " ind2=" ">
      <subfield code="a">ZCU</subfield>
      <subfield code="b">eng</subfield>
      <subfield code="e">amremm</subfield>
      <subfield code="c">ZCU</subfield>
      <subfield code="d">OCLCO</subfield>
    </datafield>
    <datafield tag="035" ind1=" " ind2=" ">
      <subfield code="a">(NNC)13718689</subfield>
    </datafield>
    <datafield tag="041" ind1="0" ind2=" ">
      <subfield code="a">ara</subfield>
      <subfield code="a">per</subfield>
    </datafield>
    <datafield tag="043" ind1=" " ind2=" ">
      <subfield code="a">n-us-ny</subfield>
    </datafield>
    <datafield tag="049" ind1=" " ind2=" ">
      <subfield code="a">ZCUA</subfield>
    </datafield>
    <datafield tag="245" ind1="0" ind2="0">
      <subfield code="6">880-01</subfield>
      <subfield code="a">Kitāb Talkhīṣ al-Miftāḥ ...</subfield>
    </datafield>
    <datafield tag="246" ind1="3" ind2=" ">
      <subfield code="6">880-02</subfield>
      <subfield code="a">Talkhīṣ al-Miftāḥ</subfield>
    </datafield>
    <datafield tag="246" ind1="1" ind2=" ">
      <subfield code="6">880-03</subfield>
      <subfield code="i">Title from flyleaf:</subfield>
      <subfield code="a">Majmūʻ mubārak...min taʼlīf al-Shaykh ʻAlī al-Qūshjī fīhi mukhtaṣar al-Miftāḥ fī al-ḥisāb wa-Risālah la-hu fī ʻilm al-hayʼah wa-Risālah fī ʻilm al-ḥisāb la-hu bi-al-Fārsī.</subfield>
    </datafield>
    <datafield tag="264" ind1=" " ind2="0">
      <subfield code="a">[Iran?],</subfield>
      <subfield code="c">1574-1577.</subfield>
    </datafield>
    <datafield tag="300" ind1=" " ind2=" ">
      <subfield code="a">100 leaves :</subfield>
      <subfield code="b">paper, illustrations ;</subfield>
      <subfield code="c">185 x 85 (115 x 45) mm, bound to 185 x 90 mm</subfield>
    </datafield>
    <datafield tag="336" ind1=" " ind2=" ">
      <subfield code="a">text</subfield>
      <subfield code="b">txt</subfield>
      <subfield code="2">rdacontent</subfield>
    </datafield>
    <datafield tag="337" ind1=" " ind2=" ">
      <subfield code="a">unmediated</subfield>
      <subfield code="b">n</subfield>
      <subfield code="2">rdamedia</subfield>
    </datafield>
    <datafield tag="338" ind1=" " ind2=" ">
      <subfield code="a">volume</subfield>
      <subfield code="b">nc</subfield>
      <subfield code="2">rdacarrier</subfield>
    </datafield>
    <datafield tag="340" ind1=" " ind2=" ">
      <subfield code="d">manuscript</subfield>
    </datafield>
    <datafield tag="500" ind1=" " ind2=" ">
      <subfield code="a">Manuscript codex.</subfield>
    </datafield>
    <datafield tag="520" ind1=" " ind2=" ">
      <subfield code="a">Set of 4 works copied together two in Arabic, two in Persian. The handwriting changes on f. 29v, near the beginning of the third work.</subfield>
    </datafield>
    <datafield tag="530" ind1=" " ind2=" ">
      <subfield code="a">Also available as a digital facsimile.</subfield>
    </datafield>
    <datafield tag="546" ind1=" " ind2=" ">
      <subfield code="a">Arabic and Persian.</subfield>
    </datafield>
    <datafield tag="500" ind1=" " ind2=" ">
      <subfield code="a">Title of first work from introduction (f. 1v); title of second work from colophon (f. 27r); title of third work from title on flyleaf (flyleaf 6 recto); title of fourth work from colophon (f. 100r).</subfield>
    </datafield>
    <datafield tag="505" ind1="0" ind2=" ">
      <subfield code="a">f. 1r-26r: Talkhīṣ al-Miftāḥ -- 2. f. 26v-27r: al-Risālah al-ʻAḍudīyah -- 3. f. 27v-65r: Risālah fī ʻilm al-hayʼah -- 4. f. 66r-100r: Risālat al-ḥisāb.</subfield>
    </datafield>
    <datafield tag="500" ind1=" " ind2=" ">
      <subfield code="a">Layout: 12-18 lines per page. Catchwords on versos, lower left.</subfield>
    </datafield>
    <datafield tag="500" ind1=" " ind2=" ">
      <subfield code="a">Script: Written in naskh and nastaʻlīq in black ink; pointed, unvocalized.</subfield>
    </datafield>
    <datafield tag="500" ind1=" " ind2=" ">
      <subfield code="a">Decoration: Rubrications in red; diagrams and tables in red and black.</subfield>
    </datafield>
    <datafield tag="500" ind1=" " ind2=" ">
      <subfield code="a">Origin: First work dated 9 Muḥarram 982 AH (f. 26r); second work undated; third work dated 982 AH; fourth work dated 985 AH (f. 100r).</subfield>
    </datafield>
    <datafield tag="500" ind1=" " ind2=" ">
      <subfield code="a">Shelfmark: MS Or 310.</subfield>
    </datafield>
    <datafield tag="541" ind1="1" ind2=" ">
      <subfield code="a">Gift of George Arthur Plimpton, 1936.</subfield>
    </datafield>
    <datafield tag="561" ind1="1" ind2=" ">
      <subfield code="a">Formerly owned by George A. Plimpton (bookplates inside front and back covers).</subfield>
    </datafield>
    <datafield tag="563" ind1=" " ind2=" ">
      <subfield code="a">Bound in reddish leather over pasteboard; leather is cracked with parts of spine and corner missing. Blind stamped central cartouche with blind tooled frame. Marbled paper doublure.</subfield>
    </datafield>
    <datafield tag="588" ind1="0" ind2=" ">
      <subfield code="a">Item cataloged from digital facsimile and existing description.</subfield>
    </datafield>
    <datafield tag="650" ind1=" " ind2="0">
      <subfield code="a">Mathematics, Arab</subfield>
      <subfield code="v">Early works to 1800.</subfield>
    </datafield>
    <datafield tag="650" ind1=" " ind2="0">
      <subfield code="a">Astronomy, Arab</subfield>
      <subfield code="v">Early works to 1800.</subfield>
    </datafield>
    <datafield tag="650" ind1=" " ind2="0">
      <subfield code="a">Geometry</subfield>
      <subfield code="v">Early works to 1800.</subfield>
    </datafield>
    <datafield tag="650" ind1=" " ind2="0">
      <subfield code="a">Arabic language</subfield>
      <subfield code="x">Semantics</subfield>
      <subfield code="v">Early works to 1800.</subfield>
    </datafield>
    <datafield tag="650" ind1=" " ind2="0">
      <subfield code="a">Manuscripts, Arabic</subfield>
      <subfield code="z">New York (State)</subfield>
      <subfield code="z">New York.</subfield>
    </datafield>
    <datafield tag="650" ind1=" " ind2="0">
      <subfield code="a">Manuscripts, Persian</subfield>
      <subfield code="z">New York (State)</subfield>
      <subfield code="z">New York.</subfield>
    </datafield>
    <datafield tag="655" ind1=" " ind2="7">
      <subfield code="a">Codices.</subfield>
      <subfield code="2">aat</subfield>
    </datafield>
    <datafield tag="655" ind1=" " ind2="7">
      <subfield code="a">Diagrams.</subfield>
      <subfield code="2">aat</subfield>
    </datafield>
    <datafield tag="655" ind1=" " ind2="7">
      <subfield code="a">Manuscripts.</subfield>
      <subfield code="2">aat</subfield>
    </datafield>
    <datafield tag="655" ind1=" " ind2="7">
      <subfield code="a">Tables (documents)</subfield>
      <subfield code="2">aat</subfield>
    </datafield>
    <datafield tag="655" ind1=" " ind2="7">
      <subfield code="a">Stamps (Provenance)</subfield>
      <subfield code="2">rbprov</subfield>
    </datafield>
    <datafield tag="655" ind1=" " ind2="7">
      <subfield code="a">Blind tooled (decoration)</subfield>
      <subfield code="2">lobt</subfield>
    </datafield>
    <datafield tag="700" ind1="1" ind2="2">
      <subfield code="6">880-04</subfield>
      <subfield code="a">Kāshī, Jamshīd ibn Masʻūd,</subfield>
      <subfield code="d">-approximately 1436.</subfield>
      <subfield code="t">Talkhīṣ al-Miftāḥ.</subfield>
    </datafield>
    <datafield tag="700" ind1="1" ind2="2">
      <subfield code="6">880-05</subfield>
      <subfield code="a">Ījī, ʻAḍud al-Dīn ʻAbd al-Raḥmān ibn Aḥmad,</subfield>
      <subfield code="d">-1355?</subfield>
      <subfield code="t">Risālah al-ʻAḍudīyah.</subfield>
    </datafield>
    <datafield tag="700" ind1="1" ind2="2">
      <subfield code="6">880-06</subfield>
      <subfield code="a">Qūshjī, ʻAlī ibn Muḥammad,</subfield>
      <subfield code="d">-1474 or 1475.</subfield>
      <subfield code="t">Risālah fī al-hayʼah.</subfield>
      <subfield code="l">Persian.</subfield>
    </datafield>
    <datafield tag="700" ind1="1" ind2="2">
      <subfield code="6">880-07</subfield>
      <subfield code="a">Qūshjī, ʻAlī ibn Muḥammad,</subfield>
      <subfield code="d">-1474 or 1475.</subfield>
      <subfield code="t">Risālat al-ḥisāb.</subfield>
      <subfield code="l">Persian.</subfield>
    </datafield>
    <datafield tag="700" ind1="1" ind2=" ">
      <subfield code="a">Plimpton, George A.</subfield>
      <subfield code="q">(George Arthur),</subfield>
      <subfield code="d">1855-1936,</subfield>
      <subfield code="e">former owner.</subfield>
    </datafield>
    <datafield tag="710" ind1="2" ind2=" ">
      <subfield code="a">Muslim World Manuscripts (Columbia University. Rare Book and Manuscript Library)</subfield>
      <subfield code="5">NNC</subfield>
    </datafield>
    <datafield tag="856" ind1="4" ind2="1">
      <subfield code="z">Digital facsimile in OPenn</subfield>
      <subfield code="u">http://openn.library.upenn.edu/Data/0032/html/ms_or_310.html</subfield>
    </datafield>
    <datafield tag="852" ind1=" " ind2=" ">
      <subfield code="a">Columbia University.</subfield>
      <subfield code="b">Rare Book and Manuscript Library</subfield>
      <subfield code="e">New York, NY. 10027</subfield>
      <subfield code="n">nyu</subfield>
      <subfield code="u">https://clio.columbia.edu/catalog/13718689</subfield>
    </datafield>
    <datafield tag="880" ind1="0" ind2="0">
      <subfield code="6">245-01/(3/r</subfield>
      <subfield code="a">كتاب تلخيص المفتاح ...</subfield>
    </datafield>
    <datafield tag="880" ind1="3" ind2=" ">
      <subfield code="6">246-02/(3/r</subfield>
      <subfield code="a">تلخيص المفتاح</subfield>
    </datafield>
    <datafield tag="880" ind1="1" ind2=" ">
      <subfield code="6">246-03/(3/r</subfield>
      <subfield code="i">Title from flyleaf:</subfield>
      <subfield code="a">مجموع مبارك...من تأليف الشيخ علي القوشجي فيه مختصر المفتاح في الحساب ورسالة له في علم الهيئة ورسالة في علم الحساب له بالفارسي.</subfield>
    </datafield>
    <datafield tag="880" ind1="1" ind2="2">
      <subfield code="6">700-04/(3/r</subfield>
      <subfield code="a">كاشي، جمشيد بن مسعود،</subfield>
      <subfield code="d">-نحو 1436.</subfield>
      <subfield code="t">تلخيص المفتاح .</subfield>
    </datafield>
    <datafield tag="880" ind1="1" ind2="2">
      <subfield code="6">700-05/(3/r</subfield>
      <subfield code="a">ايجي، عضد الدين عبد الرحمن بن احمد،</subfield>
      <subfield code="d">-1355؟</subfield>
      <subfield code="t">رسالة العضدية.</subfield>
    </datafield>
    <datafield tag="880" ind1="1" ind2="2">
      <subfield code="6">700-06/(3/r</subfield>
      <subfield code="a">قوشجي، علي بن محمد،</subfield>
      <subfield code="d">-1474 أو 1475.</subfield>
      <subfield code="t">رسالة في الهيئة.</subfield>
      <subfield code="l">Persian.</subfield>
    </datafield>
    <datafield tag="880" ind1="1" ind2="2">
      <subfield code="6">700-07/(3/r</subfield>
      <subfield code="a">قوشجي، علي بن محمد،</subfield>
      <subfield code="d">1474- أو 1475.</subfield>
      <subfield code="t">رسالة الحساب.</subfield>
      <subfield code="l">Persian.</subfield>
    </datafield>
    <datafield tag="066" ind1=" " ind2=" ">
      <subfield code="c">(3</subfield>
    </datafield>
  </record></collection>